% Encoding: UTF-8

@Article{SchapplerTapOrt2019,
  author    = {Schappler, Moritz and Tappe, Svenja and Ortmaier, Tobias},
  title     = {Modeling Parallel Robot Kinematics for {3T2R} and {3T3R} Tasks Using Reciprocal Sets of {Euler} Angles},
  doi       = {10.3390/robotics8030068},
  issn      = {2218-6581},
  issue     = {Special Issue "Kinematics and Robot Design II"},
  number    = {3},
  volume    = {8},
  journal   = {Robotics},
  publisher = {Multidisciplinary Digital Publishing Institute},
  year      = {2019},
}
